@misc{ICFA:linStat,
  title = {ICFA Statement on Linear Colliders},
  howpublished = {\url{http://icfa.fnal.gov/statements/icfa_lcstatement/}},
}

@article{CMS:higgs,
      author         = "Chatrchyan, Serguei and others",
      title          = "{Observation of a new boson at a mass of 125 GeV with the
                        CMS experiment at the LHC}",
      collaboration  = "CMS",
      journal        = "Phys. Lett.",
      volume         = "B716",
      year           = "2012",
      pages          = "30-61",
      doi            = "10.1016/j.physletb.2012.08.021",
      eprint         = "1207.7235",
      archivePrefix  = "arXiv",
      primaryClass   = "hep-ex",
      reportNumber   = "CMS-HIG-12-028, CERN-PH-EP-2012-220",
      SLACcitation   = "%%CITATION = ARXIV:1207.7235;%%"
}

@article{ATLAS:higgs,
      author         = "Aad, Georges and others",
      title          = "{Observation of a new particle in the search for the
                        Standard Model Higgs boson with the ATLAS detector at the
                        LHC}",
      collaboration  = "ATLAS",
      journal        = "Phys. Lett.",
      volume         = "B716",
      year           = "2012",
      pages          = "1-29",
      doi            = "10.1016/j.physletb.2012.08.020",
      eprint         = "1207.7214",
      archivePrefix  = "arXiv",
      primaryClass   = "hep-ex",
      reportNumber   = "CERN-PH-EP-2012-218",
      SLACcitation   = "%%CITATION = ARXIV:1207.7214;%%"
}


@book{LHC:design,
      author        = "Bruening, Oliver Sim and Collier, Paul and Lebrun, P and
                       Myers, Stephen and Ostojic, Ranko and Poole, John and
                       Proudlock, Paul",
      title         = "{LHC Design Report}",
      publisher     = "CERN",
      address       = "Geneva",
      year          = "2004",
      url           = "https://cds.cern.ch/record/782076",
}

@techreport{CLIC:cdr,
      author        = "Aicheler, M and Burrows, P and Draper, M and Garvey, T and
                       Lebrun, P and Peach, K and Phinney, N and Schmickler, H and
                       Schulte, D and Toge, N",
      title         = "{A Multi-TeV Linear Collider Based on CLIC Technology:
                       CLIC Conceptual Design Report}",
      address       = "Geneva",
      number        = "CERN-2012-007. SLAC-R-985. KEK-Report-2012-1. PSI-12-01.
                       JAI-2012-001",
      year          = "2012",
      url           = "https://cds.cern.ch/record/1500095",
}

@techreport{ILC:tdr,
      author        = "Behnke, Ties and Brau, James E. and Foster, Brian and
                       Fuster, Juan and Harrison, Mike and Paterson, James McEwan
                       and Peskin, Michael and Stanitzki, Marcel and Walker,
                       Nicholas and Yamamoto, Hitoshi",
      title         = "{The International Linear Collider - Volume 1: Executive
                       Summary}",
      address       = "Geneva",
      number        = "CERN-ATS-2013-037. ILC-REPORT-2013-040. KEK-Report-2013-1. ",
      month         = "Jun",
      year          = "2013",
      reportNumber  = "arXiv:1306.6327",
      url           = "https://cds.cern.ch/record/1601966",
      note          = "",
}

@techreport{FCC-ee:leptonCollParam,
      author        = "J. Wenninger et al.",
      title         = "{Future Circular Collider Study - Lepton Collider Parameters}",
      address       = "CERN, Geneva",
      number        = "FCC-1401201640-DSC ",
      month         = "Jun",
      year          = "2016",
      reportNumber  = "",
      url           = "https://edms.cern.ch/document/1346081/3.0",
      note          = "",
}

@techreport{Zimmermann:2057706,
      author        = "Zimmermann, Frank and Benedikt, Michael and Oide,
                       Katsunobu and Bogomyagkov, Anton and Levichev, Evgeny and
                       Migliorati, Mauro and Wienands, Uli",
      title         = "{Status and Challenges for FCC-ee}",
      institution   = "CERN",
      address       = "Geneva",
      number        = "CERN-ACC-2015-0111",
      month         = "Aug",
      year          = "2015",
      reportNumber  = "CERN-ACC-2015-0111",
      url           = "https://cds.cern.ch/record/2057706",
}
